jj@Jesses-MacBook-Air.local.88654